<?xml version="1.0" encoding="UTF-8"?><collection xmlns="http://www.loc.gov/MARC21/slim"><record><leader>00436nam--2200133-i-4500</leader><controlfield tag="001">000024691</controlfield><controlfield tag="002">20161230</controlfield><controlfield tag="005">20161230201035</controlfield><controlfield tag="008">060222s1000------------r-----000-0-eng-d</controlfield><datafield ind1=" " ind2=" " tag="080"><subfield code="a">537.531.7(043)</subfield></datafield><datafield ind1=" " ind2=" " tag="100"><subfield code="a">Jarisch, Walter</subfield></datafield><datafield ind1=" " ind2=" " tag="245"><subfield code="a">Einfluss der ordnungszahl des targetmaterials auf die polarisation im spectrum der rontgenbresstrahlung. dissertation</subfield></datafield><datafield ind1=" " ind2=" " tag="260"><subfield code="a">Wurzburg, Julius-maximilians-universitat, 1967, 45p</subfield></datafield><datafield ind1=" " ind2=" " tag="852"><subfield code="a">77014</subfield></datafield></record></collection>